@book{ebook,
author = {Leif Rune Hellevik},
title  = {Numerical Methods for Engineers},
year = {2020},
URL = {https://folk.ntnu.no/leifh/teaching/tkt4140/._main000.html},
}

@book{doi:10.1137/1.9780898718911,
author = {Ascher, Uri M.},
title = {Numerical Methods for Evolutionary Differential Equations},
publisher = {Society for Industrial and Applied Mathematics},
year = {2008},
doi = {10.1137/1.9780898718911},
address = {},
edition   = {},
URL = {https://epubs.siam.org/doi/abs/10.1137/1.9780898718911},
eprint = {https://epubs.siam.org/doi/pdf/10.1137/1.9780898718911}
}

@book{morton1994numerical,
  title={Numerical Solution of Partial Differential Equations},
  author={Morton, K.W. and Mayers, D.F.},
  isbn={9780521418553},
  lccn={gb94098226},
  url={https://books.google.it/books?id=F3l\_QgAACAAJ},
  year={1994},
  publisher={Cambridge University Press}
}

